39900000         2137294720001214258932             00242000000000022090F Bastos Distribuidora de AlimHSBC BANK BRASIL SA                     12309201112000000000101000000N                                                                    
39900011R0100010 2013729472000121COB    000000425893200242000000000022090F Bastos Distribuidora de Alim                                                                                000000012309201100000000                                 
3990001300001P 010024200000000002209070310000130         01222999-1          1010201100000000001000000000002N19092011110102011000000000000020000000000000000000000000000000000000000000000000000000999-1                    3002000090000000000 
3990001300002Q 012010319824000182ACOUGUE F C DAS CARNES DO FONSECA LTDA  R Sao Januario, 174 - Parte 1           Fonseca        24130386Niteroi        RJ0000000000000000                                        000                            
3990001300003R 01000000000000000000000000000000000000000000000000000000000000000000000000                                                                                                                                                       
39900015         00000500000000000000000000000000000000000000000000000000000000000000000000000000000000000000000000                                                                                                                             
39999999         000001000007000000                                                                                                                                                                                                             
