|0000|006|0|11062013|12062013|Renam e Melo Ltda.|73841488000153||RJ|84949868|3304557|452364||B|0|
|0001|0|
|0005|Renam e Melo|22261001|Av. Atlântica, 500|||Copacabana|02122366792|02122365630|copa@rm.com.br|
|0100|Edith|55091091734|01234567||20070439|RUA TREZE DE MAIO, 4300|||CENTRO|2122459090|2122427889|luciana@forprint.com.br|3304557|
|0190|un|unidade|
|0190|KG|Quilo|
|0200|0001013|Resistor 300kg|7897101504215||un|04|84818092|||||
|0205|Resistor 300kg|11062013|11062013||
|0200|0009003|Sapato Social Bico Fino Preto n.38|787878787899999||un|04|84818092|||||
|0205|Sapato Social Bico Fino Preto n.38|11062013|11062013||
|0200|0018001|copo 12|||un|00||||||
|0205|copo 12|11062013|11062013||
|0200|0001015|Resistor 50Kg|||un|04||||||
|0205|Resistor 50Kg|11062013|11062013||
|0200|0001989|prestação de cobrança|||un|09||||||
|0205|prestação de cobrança|11062013|11062013||
|0200|0001888|prestação de serviço|||un|09||||||
|0205|prestação de serviço|11062013|11062013||
|0200|0001001|Parafuso|7896215750167||KG|09|94051099|||||
|0205|Parafuso|11062013|11062013||
|0200|0001010|Grama|||un|04||||||
|0205|Grama|11062013|11062013||
|0200|0001014|Resistor 40Kg|||un|04|54363476|||||
|0205|Resistor 40Kg|11062013|11062013||
|0200|0002124|Agenda Escolar Roxy|||un|04||||||
|0205|Agenda Escolar Roxy|11062013|11062013||
|0200|0009001|Sapato Social Bico Fino Preto n.40|||un|04|40169300|||||
|0205|Sapato Social Bico Fino Preto n.40|11062013|11062013||
|0990|29|
|C001|0|
|C400|2D|DARUMA|3232344222|6|
|C405|11062013|8|121|0|417475,02|2409,99|
|C420|AT|12,00|||
|C420|AS|0|||
|C420|AO|0|||
|C420|Can-T|50,00|||
|C420|Can-S|558,00|||
|C420|Can-O|0|||
|C420|DT|3,50|||
|C420|DS|0|||
|C420|DO|0|||
|C420|I1|8,00|||
|C425|0001013|1|un|8,00|||
|C420|IS1|0|||
|C420|N1|241,99|||
|C425|0009003|1|un|41,99|||
|C425|0018001|1|un|200,00|||
|C420|NS1|0|||
|C420|F1|20,00|||
|C425|0001015|1|un|20,00|||
|C420|FS1|0|||
|C420|OPNF|10,00|||
|C420|S0300|0|||
|C425|0001989|1|un|558,00|||
|C420|S0500|1200,00|||
|C425|0001888|1|un|1200,00|||
|C420|T0700|76,50|||
|C425|0001001|2|KG|70,00|||
|C425|0001010|3|un|30,00|||
|C420|T1000|0|||
|C420|T1200|252,00|||
|C425|0001014|1|un|30,00|||
|C425|0002124|2|un|240,00|||
|C420|T1500|0|||
|C405|12062013|8|122|0|418786,02|1311,00|
|C420|AT|12,00|||
|C420|AS|0|||
|C420|AO|0|||
|C420|Can-T|55,00|||
|C420|Can-S|0|||
|C420|Can-O|0|||
|C420|DT|26,30|||
|C420|DS|0|||
|C420|DO|0|||
|C420|I1|8,00|||
|C425|0001013|1|un|8,00|||
|C420|IS1|0|||
|C420|N1|236,70|||
|C425|0009001|1|un|56,70|||
|C425|0018001|1|un|200,00|||
|C420|NS1|0|||
|C420|F1|20,00|||
|C425|0001015|1|un|20,00|||
|C420|FS1|0|||
|C420|OPNF|15,00|||
|C420|S0300|558,00|||
|C425|0001989|1|un|558,00|||
|C420|S0500|0|||
|C420|T0700|35,00|||
|C425|0001001|2|KG|70,00|||
|C425|0001010|2|un|20,00|||
|C420|T1000|0|||
|C420|T1200|372,00|||
|C425|0002124|3|un|360,00|||
|C420|T1500|0|||
|C990|67|
|D001|1|
|D990|2|
|E001|0|
|E100|11062013|12062013|
|E110|0,00|0|0,00|0,00|0,00|0|0,00|0,00|0,00|0,00|0,00|0,00|0,00|0|
|E500|0|11062013|12062013|
|E520|0,00|0,00|0,00|0,00|0,00|0,00|0|
|E990|6|
|G001|1|
|G990|2|
|H001|1|
|H990|2|
|1001|0|
|1010|N|N|N|N|N|N|N|N|N|
|1990|3|
|9001|0|
|9900|0000|1|
|9900|0001|1|
|9900|0005|1|
|9900|0100|1|
|9900|0190|2|
|9900|0200|11|
|9900|0205|11|
|9900|0990|1|
|9900|C001|1|
|9900|C400|1|
|9900|C405|2|
|9900|C420|44|
|9900|C425|18|
|9900|C990|1|
|9900|D001|1|
|9900|D990|1|
|9900|E001|1|
|9900|E100|1|
|9900|E110|1|
|9900|E500|1|
|9900|E520|1|
|9900|E990|1|
|9900|G001|1|
|9900|G990|1|
|9900|H001|1|
|9900|H990|1|
|9900|1001|1|
|9900|1010|1|
|9900|1990|1|
|9900|9001|1|
|9900|9900|33|
|9900|9990|1|
|9900|9999|1|
|9990|36|
|9999|147|
