|0000|007|0|01052013|31052013|Renam e Melo Ltda.|73841488000153||RJ|84949868|3304557|452364||A|0|
|0001|0|
|0005|Renam e Melo|22261001|Av. Atlântica, 500|||Copacabana|02122366792|02122365630|copa@rm.com.br|
|0100|Edith|55091091734|01234567||20070439|RUA TREZE DE MAIO, 4300|||CENTRO|2122459090|2122427889|luciana@forprint.com.br|3304557|
|0990|5|
|C001|1|
|C990|2|
|D001|1|
|D990|2|
|E001|0|
|E100|01052013|31052013|
|E110|0,00|0|0,00|0,00|0,00|0|0,00|0,00|0,00|0,00|0,00|0,00|0,00|0|
|E500|0|01052013|31052013|
|E520|0,00|0,00|0,00|0,00|0,00|0,00|0|
|E990|6|
|G001|1|
|G990|2|
|H001|1|
|H990|2|
|1001|0|
|1010|N|N|N|N|N|N|N|N|N|
|1990|3|
|9001|0|
|9900|0000|1|
|9900|0001|1|
|9900|0005|1|
|9900|0100|1|
|9900|0990|1|
|9900|C001|1|
|9900|C990|1|
|9900|D001|1|
|9900|D990|1|
|9900|E001|1|
|9900|E100|1|
|9900|E110|1|
|9900|E500|1|
|9900|E520|1|
|9900|E990|1|
|9900|G001|1|
|9900|G990|1|
|9900|H001|1|
|9900|H990|1|
|9900|1001|1|
|9900|1010|1|
|9900|1990|1|
|9900|9001|1|
|9900|9900|26|
|9900|9990|1|
|9900|9999|1|
|9990|29|
|9999|51|
